@article{using_neural_engines,
  author = {Е. А. Арефьева, Д . С. Костяев},
  journal = {Известия ТулГУ},
  number = 10,
  pages = {177–185},
  title = {Использование нейронных сетей для оценки рыночной стоимости недвижимости},
  year = 2017
}

@Misc{audit,
  title        = {Специфика ценообразования на рынке жилья и факторы, влияющие на цену недвижимости [Электронный ресурс]},
  howpublished = {Электронные данные},
  note         = {Режим доступа: https://auditfin.com/fin/2009/2/Rodionova/Rodionova%20.pdf. --- Дата доступа: 04.10.2020},
}

@Misc{regression_analysis,
  title        = {Регрессионный анализ [Электронный ресурс]},
  howpublished = {Электронные данные},
  note         = {Режим доступа: https://wiki.loginom.ru/articles/regression-analysis.html. --- Дата доступа: 04.10.2020},
}

@Misc{least_squares_method,
  title        = {Метод наименьших квадратов [Электронный ресурс]},
  howpublished = {Электронные данные},
  note         = {Режим доступа: https://wiki.loginom.ru/articles/least-squares-method.html. --- Дата доступа: 04.10.2020},
}

@Misc{coefficient_of_determination,
  title        = {Коэффициент детерминации [Электронный ресурс]},
  howpublished = {Электронные данные},
  note         = {Режим доступа: https://wiki.loginom.ru/articles/coefficient-of-determination.html. --- Дата доступа: 04.10.2020},
}

@Misc{approximation,
  title        = {Аппроксимация [Электронный ресурс]},
  howpublished = {Электронные данные},
  note         = {Режим доступа: https://wiki.loginom.ru/articles/approximation.html. --- Дата доступа: 04.10.2020},
}


@Misc{perceptron,
  title        = {Многослойный персептрон [Электронный ресурс]},
  howpublished = {Электронные данные},
  note         = {Режим доступа: http://www.aiportal.ru/articles/neuralnetworks/multi-perceptron.html. --- Дата доступа: 04.10.2020},
}

@Misc{Back_propagation_algorithm,
  title        = {Back propagation algorithm [Электронный ресурс]},
  howpublished = {Электронные данные},
  note         = {Режим доступа: https://wiki.loginom.ru/articles/back-propagationalgorithm.html. --- Дата доступа: 04.10.2020},
}
